@article{boker2002hubble,
  title={A Hubble Space Telescope census of nuclear star clusters in latetype spiral galaxies. I. Observations and image analysis},
  author={Boker, Torsten and Laine, Seppo and van der Marel, Roeland P and Sarzi, Marc and Rix, Hans-Walter and Ho, Luis C and Shields, Joseph C},
  journal={The Astronomical Journal},
  volume={123},
  number={3},
  pages={1389},
  year={2002},
  publisher={IOP Publishing}
}

@book{freeman2006search,
  title={In search of dark matter},
  author={Freeman, Ken and McNamara, Geoff},
  year={2006},
  publisher={Springer Science \& Business Media}
}

@book{shirasaki2015probing,
  title={Probing Cosmic Dark Matter and Dark Energy with Weak Gravitational Lensing Statistics},
  author={Shirasaki, Masato},
  year={2015},
  publisher={Springer}
}

@article{tegmark2006cosmological,
  title={Cosmological constraints from the SDSS luminous red galaxies},
  author={Tegmark, Max and Eisenstein, Daniel J and Strauss, Michael A and Weinberg, David H and Blanton, Michael R and Frieman, Joshua A and Fukugita, Masataka and Gunn, James E and Hamilton, Andrew JS and Knapp, Gillian R and others},
  journal={Physical Review D},
  volume={74},
  number={12},
  pages={123507},
  year={2006},
  publisher={APS}
}

@inproceedings{navarro1996structure,
  title={The structure of cold dark matter halos},
  author={Navarro, Julio F},
  booktitle={Symposium-international astronomical union},
  volume={171},
  pages={255--258},
  year={1996},
  organization={Cambridge University Press}
}


@article{skrutskie2006two,
  title={The two micron all sky survey (2MASS)},
  author={Skrutskie, MF and Cutri, RM and Stiening, R and Weinberg, MD and Schneider, S and Carpenter, JM and Beichman, Capps and Capps, R and Chester, T and Elias, J and others},
  journal={The Astronomical Journal},
  volume={131},
  number={2},
  pages={1163},
  year={2006},
  publisher={IOP Publishing}
}

@article{brownstein2007bullet,
  title={The Bullet Cluster 1E0657-558 evidence shows modified gravity in the absence of dark matter},
  author={Brownstein, Joel R and Moffat, John W},
  journal={Monthly Notices of the Royal Astronomical Society},
  volume={382},
  number={1},
  pages={29--47},
  year={2007},
  publisher={Blackwell Publishing Ltd Oxford, UK}
}


