@article{wadso2010operational,
  title={Operational issues in isothermal calorimetry},
  author={Wads{\"o}, Lars},
  journal={Cement and Concrete Research},
  volume={40},
  number={7},
  pages={1129--1137},
  year={2010},
  publisher={Elsevier}
}

@article{wadso2003new,
  title={A new general-purpose isothermal microcalorimeter for use at temperatures up to 200° C},
  author={Wads{\"o}, Ingemar and Wads{\"o}, Lars},
  journal={Thermochimica acta},
  volume={405},
  number={1},
  pages={15--20},
  year={2003},
  publisher={Elsevier}
}

@article{wadso2001standards,
  title={Standards in isothermal microcalorimetry (IUPAC Technical Report)},
  author={Wads{\"o}, Ingemar and Goldberg, Robert N},
  journal={Pure and Applied Chemistry},
  volume={73},
  number={10},
  pages={1625--1639},
  year={2001},
  publisher={De Gruyter}
}

@article{blandamer1998titration,
  title={Titration microcalorimetry of adsorption processes in aqueous systems Interaction of sodium dodecylsulfate and sodium decylsulfate with poly (N-vinylpyrrolidone)},
  author={Blandamer, Michael J and Briggs, Barbara and Cullis, Paul M and Irlam, Keith D and Engberts, Jan BFN and Kevelam, Jan},
  journal={Journal of the Chemical Society, Faraday Transactions},
  volume={94},
  number={2},
  pages={259--266},
  year={1998},
  publisher={Royal Society of Chemistry}
}

@article{morrison1987calorimetry,
  title={Calorimetry in the study of physical adsorption},
  author={Morrison, JA},
  journal={Pure and applied chemistry},
  volume={59},
  number={1},
  pages={7--14},
  year={1987},
  publisher={De Gruyter}
}

@article{wang2005determination,
  title={Determination of heat capacities and thermodynamic properties of 2-(chloromethylthio) benzothiazole by an adiabatic calorimeter},
  author={Wang, Mei-Han and Tan, Zhi-Cheng and Sun, Xiao-Hong and Zhang, Hong-Tao and Liu, Bei-Ping and Sun, Li-Xian and Zhang, Tao},
  journal={Journal of Chemical and Engineering Data},
  volume={50},
  number={1},
  pages={270--273},
  year={2005},
  publisher={ACS Publications}
}

@article{winkelmann2004application,
  title={Application of batch-calorimetry for the investigation of microbial activity},
  author={Winkelmann, M and H{\"u}ttl, R and Wolf, G},
  journal={Thermochimica acta},
  volume={415},
  number={1-2},
  pages={75--82},
  year={2004},
  publisher={Elsevier}
}

@book{gaisford2016principles,
  title={Principles of thermal analysis and calorimetry},
  author={Gaisford, Simon and Kett, Vicky and Haines, Peter},
  year={2016},
  publisher={Royal society of chemistry}
}

@book{zielenkiewicz2006theory,
  title={Theory of calorimetry},
  author={Zielenkiewicz, Wojciech and Margas, Eugeniusz},
  volume={2},
  year={2006},
  publisher={Springer Science \& Business Media}
}

@book{atkins2011physical,
  title={Physical chemistry for the life sciences},
  author={Atkins, Peter and De Paula, Julio},
  year={2011},
  publisher={Oxford University Press, USA}
}

@book{feynman2011feynman,
  title={The Feynman lectures on physics, Vol. I: The new millennium edition: mainly mechanics, radiation, and heat},
  author={Feynman, Richard P and Leighton, Robert B and Sands, Matthew},
  volume={1},
  year={2011},
  publisher={Basic books}
}

@book{fermi1986,
place={Chicago},
title={Notes on thermodynamics and statistics},
publisher={University of Chicago Press},
author={Fermi, Enrico},
year={1986}
}

@techreport{Suurkuusk,
address = {J{\"{a}}rf{\"{a}}lla},
author = {Suurkuusk, Jaak},
institution = {Termometric AB},
title = {{2277 Thermal Activity Monitor}}
}

@article{tellinghuisen2007optimizing,
  title={Optimizing experimental parameters in isothermal titration calorimetry: variable volume procedures},
  author={Tellinghuisen, Joel},
  journal={The Journal of Physical Chemistry B},
  volume={111},
  number={39},
  pages={11531--11537},
  year={2007},
  publisher={ACS Publications}
}

@article{mizoue2004calorimetric,
  title={Calorimetric vs. van't Hoff binding enthalpies from isothermal titration calorimetry: Ba2+-crown ether complexation},
  author={Mizoue, Laura S and Tellinghuisen, Joel},
  journal={Biophysical chemistry},
  volume={110},
  number={1-2},
  pages={15--24},
  year={2004},
  publisher={Elsevier}
}

@article{duff2011isothermal,
  title={Isothermal titration calorimetry for measuring macromolecule-ligand affinity},
  author={Duff, Michael R and others},
  journal={Journal of visualized experiments: JoVE},
  number={55},
  year={2011},
  publisher={MyJoVE Corporation}
}

@misc{perry2007perry,
  title={Perry’s chemical engineers’ handbook},
  author={Perry, Robert H and Green, Don W and Maloney, James O and others},
  year={200722},
  publisher={McGraw-Hill, New York}
}

@book{simon2013oxford,
  title={The Oxford solid state basics},
  author={Simon, Steven H},
  year={2013},
  publisher={OUP Oxford}
}

@techreport{instruments1999lm35,
  title={LM35 Precision Centigrade Temperature Sensors},
  author={Texas Instruments},
  journal={LM35 datasheet, Aug},
  year={1999}
}

@techreport{attiny13,
  title={8-bit AVR microcontroller with 1K Bytes In-System Programmable Flash},
  author={Microship AVR},
  journal={ATtiny13 datasheet, Aug},
  year={2010}
}

@techreport{grewal2006oversampling,
  title={Oversampling the ADC12 for higher resolution},
  author={Grewal, Harman},
  year={2006}
}

@book{alexander2009fundamentals,
  title={Fundamentals of electric circuits},
  author={Alexander, Charles K and Sadiku, Matthew NO and Sadiku, Matthew},
  volume={3},
  year={2009},
  publisher={McGraw-Hill New York}
}

@article{demarse2011calibration,
  title={Calibration of nanowatt isothermal titration calorimeters with overflow reaction vessels},
  author={Demarse, Neil A and Quinn, Colette F and Eggett, Dennis L and Russell, Donald J and Hansen, Lee D},
  journal={Analytical biochemistry},
  volume={417},
  number={2},
  pages={247--255},
  year={2011},
  publisher={Elsevier}
}

@techreport{nanoitc,
  title={Nano Isothermal Titration Calorimeter (ITC), test procedures},
  author={TA Instruments},
  year={2013}
}

@techreport{pipet4u,
  title={Pipetas manuales alta precisión, pipet4u 20 - 200 uL},
  author={AHN Biotechnololgie Gmb},
  year={2012}
}

@article{adao2012chemical,
  title={Chemical calibration of Isothermal Titration Calorimeters: An evaluation of the dilution of propan-1-ol into water as a test reaction using different calorimeters, concentrations, and temperatures},
  author={Ad{\~a}o, Regina and Bai, Guangyue and Loh, Watson and Bastos, Margarida},
  journal={The Journal of Chemical Thermodynamics},
  volume={52},
  pages={57--63},
  year={2012},
  publisher={Elsevier}
}

@incollection{matsuyama2017isothermal,
  title={Isothermal Titration Calorimetry to Determine Apparent Dissociation Constants (Kd) and Stoichiometry of Interaction (n) of C-di-GMP Binding Proteins},
  author={Matsuyama, Bruno Y and Krasteva, Petya V and Navarro, Marcos VAS},
  booktitle={c-di-GMP Signaling},
  pages={403--416},
  year={2017},
  publisher={Springer}
}

@article{velazquez2006isothermal,
  title={Isothermal titration calorimetry to determine association constants for high-affinity ligands},
  author={Velazquez-Campoy, Adrian and Freire, Ernesto},
  journal={Nature protocols},
  volume={1},
  number={1},
  pages={186},
  year={2006},
  publisher={Nature Publishing Group}
}

@article{briggner1991test,
  title={Test and calibration processes for microcalorimeters, with special reference to heat conduction instruments used with aqueous systems},
  author={Briggner, Lars-Erik and Wads{\"o}, Ingemar},
  journal={Journal of biochemical and biophysical methods},
  volume={22},
  number={2},
  pages={101--118},
  year={1991},
  publisher={Elsevier}
}

@book{landau2008survey,
  title={A survey of computational physics: introductory computational science},
  author={Landau, Rubin H and Mej{\'\i}a, Manuel Jos{\'e} P{\'a}ez and P{\'a}ez, Jos{\'e} and Bordeianu, Cristian C},
  volume={1},
  year={2008},
  publisher={Princeton University Press}
}

@article{walt2011numpy,
  title={The NumPy array: a structure for efficient numerical computation},
  author={Walt, St{\'e}fan van der and Colbert, S Chris and Varoquaux, Gael},
  journal={Computing in Science \& Engineering},
  volume={13},
  number={2},
  pages={22--30},
  year={2011},
  publisher={IEEE}
}




